<record><leader>00000cas a2200000 i 4500</leader><controlfield tag="001">849507979</controlfield><controlfield tag="006">m     o  d        </controlfield><controlfield tag="007">cr |||||||||||</controlfield><controlfield tag="008">130619d18911894mtuwr ne      0   a0eng  </controlfield><datafield ind1=" " ind2=" " tag="010"><subfield code="a">  2013218819</subfield></datafield><datafield ind1=" " ind2=" " tag="040"><subfield code="a">DLC</subfield><subfield code="b">eng</subfield><subfield code="e">rda</subfield><subfield code="c">DLC</subfield><subfield code="d">DLC</subfield><subfield code="d">OCLCF</subfield><subfield code="d">OCLCQ</subfield></datafield><datafield ind1="0" ind2=" " tag="022"><subfield code="a">2329-6623</subfield><subfield code="2">1</subfield></datafield><datafield ind1=" " ind2=" " tag="042"><subfield code="a">pcc</subfield><subfield code="a">nsdp</subfield></datafield><datafield ind1=" " ind2=" " tag="043"><subfield code="a">n-us-mt</subfield></datafield><datafield ind1="1" ind2="0" tag="050"><subfield code="a">ISSN RECORD</subfield></datafield><datafield ind1="0" ind2="0" tag="082"><subfield code="a">071</subfield><subfield code="2">23</subfield></datafield><datafield ind1="0" ind2=" " tag="130"><subfield code="a">Weekly tribune (Great Falls, Mont. : Online)</subfield></datafield><datafield ind1=" " ind2="4" tag="222"><subfield code="a">The weekly tribune</subfield><subfield code="b">(Great Falls, Mont. Online)</subfield></datafield><datafield ind1="1" ind2="4" tag="245"><subfield code="a">The weekly tribune.</subfield></datafield><datafield ind1="1" ind2="7" tag="246"><subfield code="a">Great Falls weekly tribune</subfield><subfield code="f">Sept. 14-Nov. 23, 1894</subfield></datafield><datafield ind1=" " ind2="1" tag="264"><subfield code="a">Great Falls, Montana :</subfield><subfield code="b">The Tribune Publishing Company,</subfield><subfield code="c">1891-1894.</subfield></datafield><datafield ind1=" " ind2=" " tag="310"><subfield code="a">Weekly</subfield></datafield><datafield ind1=" " ind2=" " tag="336"><subfield code="a">text</subfield><subfield code="b">txt</subfield><subfield code="2">rdacontent</subfield></datafield><datafield ind1=" " ind2=" " tag="337"><subfield code="a">computer</subfield><subfield code="b">c</subfield><subfield code="2">rdamedia</subfield></datafield><datafield ind1=" " ind2=" " tag="338"><subfield code="a">online resource</subfield><subfield code="b">cr</subfield><subfield code="2">rdacarrier</subfield></datafield><datafield ind1="1" ind2=" " tag="362"><subfield code="a">Began with volume VIII, number 75 (February 21, 1891); ceased with volume XVI (November 23, 1894).</subfield></datafield><datafield ind1=" " ind2=" " tag="588"><subfield code="a">Description based on print version record.</subfield></datafield><datafield ind1=" " ind2=" " tag="588"><subfield code="a">Latest issue consulted: Volume XVI (November 23, 1894) (Chroniclingamerica.loc.gov, viewed June 19, 2013).</subfield></datafield><datafield ind1=" " ind2="0" tag="651"><subfield code="a">Great Falls (Mont.)</subfield><subfield code="v">Newspapers.</subfield></datafield><datafield ind1=" " ind2="7" tag="651"><subfield code="a">Montana</subfield><subfield code="z">Great Falls.</subfield><subfield code="2">fast</subfield><subfield code="0">(OCoLC)fst01202832</subfield></datafield><datafield ind1=" " ind2="7" tag="655"><subfield code="a">Newspapers.</subfield><subfield code="2">fast</subfield><subfield code="0">(OCoLC)fst01423814</subfield></datafield><datafield ind1=" " ind2=" " tag="752"><subfield code="a">United States</subfield><subfield code="b">Montana</subfield><subfield code="c">Cascade</subfield><subfield code="d">Great Falls.</subfield></datafield><datafield ind1="0" ind2=" " tag="775"><subfield code="t">Daily tribune (Great Falls, Mont. : Online)</subfield></datafield><datafield ind1="0" ind2="8" tag="776"><subfield code="i">Originally issued in print:</subfield><subfield code="t">Weekly tribune (Great Falls, Mont.)</subfield><subfield code="x">2329-6615</subfield><subfield code="w">(DLC)sn 86075242</subfield><subfield code="w">(OCoLC)13782533</subfield></datafield><datafield ind1="0" ind2="0" tag="780"><subfield code="t">Semi-weekly tribune (Great Falls, Mont. : Online)</subfield></datafield><datafield ind1="0" ind2="0" tag="785"><subfield code="t">Great Falls weekly tribune (Online)</subfield><subfield code="x">2329-6666</subfield><subfield code="w">(DLC)  2013218820</subfield><subfield code="w">(OCoLC)849508060</subfield></datafield><datafield ind1="4" ind2="1" tag="856"><subfield code="u">http://chroniclingamerica.loc.gov/lccn/sn86075242/issues</subfield></datafield><datafield ind1="1" ind2=" " tag="029"><subfield code="a">NZ1</subfield><subfield code="b">15124811</subfield></datafield></record>